2796 5412
620 320 918 388 -ῃο-

280 511 359 558 cam
374 498 496 578 puncto
507 483 674 570 eclipticae
685 485 905 569 antecedente,
931 489 1105 580 aliquando
1120 494 1268 566 cumic-

279 604 415 682 qnante,
444 599 478 652 et
500 585 607 654 oritur
628 599 661 656 et
680 587 807 654 occidit.

705 749 844 848 axe

367 891 507 960 ‘Poffant
519 893 610 958 veria
631 881 739 959 adhuc
760 893 847 960 circa
865 903 957 978 ortua
976 897 1170 986 occasusque
1190 895 1266 963 liel-

277 998 388 1064 laram
411 995 592 1081 excogitari
613 995 832 1085 problemata,
873 997 926 1064 led
947 1021 1063 1067 eorum
1087 997 1273 1088 explicatio*
1297 1055 1299 1065 ι

278 1099 521 1167 ad'inllitutum
539 1098 688 1165 nostrum
709 1124 775 1166 non
795 1100 952 1188 pertinet,
985 1125 1028 1168 ex
1043 1127 1108 1192 quo
1132 1125 1170 1168 ee
1191 1115 1266 1168 ten·

277 1217 352 1268 tum
374 1192 561 1288 attingendi
574 1215 684 1285 erant,
713 1203 829 1292 quibua
848 1203 881 1268 in
901 1202 1105 1292 sequentibus
1125 1209 1265 1276 lemma·

277 1318 351 1370 tum
375 1305 441 1373 vice
463 1305 508 1372 vti
530 1303 702 1395 pollemus.
750 1306 908 1374 Redimus
931 1327 1026 1394 ergo,
1055 1312 1138 1376 vnde
1158 1310 1263 1376 exorfi

276 1409 406 1494 sumue,
437 1407 479 1472 ad
499 1408 607 1474 locum
625 1407 757 1494 Virgilii
778 1404 806 1500 §
821 1409 862 1478 Π.
883 1411 1054 1478 laudatum
1077 1424 1109 1478 et
1131 1435 1150 1476 a
1170 1413 1263 1504 nobis

276 1513 356 1597 iarn,
378 1510 426 1578 vti
441 1510 632 1606 inscriptio
621 1512 719 1580 haiae
731 1509 981 1604 scriptiunculae
1002 1517 1178 1608 promittit,
1204 1538 1264 1582 ex-

203 1650 211 1670 ·
274 1615 476 1708 plicandam.

374 1716 553 1800 Quaeritur
580 1709 759 1795 nimirum,
776 1717 966 1819 quodnam
998 1721 1035 1784 fit
1061 1719 1141 1786 illud
1168 1719 1261 1798 lidus,
1328 1737 1331 1746 ·

274 1823 363 1912 quod
383 1820 487 1889 Pleias
508 1815 654 1886 occidens
665 1797 807 1902 fugere,
841 1829 874 1884 et
896 1806 997 1906 qualis
1021 1823 1059 1890 fit
1084 1823 1185 1908 ratio,
1218 1821 1260 1888 ob

274 1946 375 2014 quam
393 1922 427 1986 id
445 1921 575 2006 fugare,
606 1918 741 1984 dicatur.

372 2021 592 2108 Priusquam
586 2021 650 2085 ad
683 2017 944 2086 satisfaciendum
975 2018 1053 2084 haic
1084 2023 1261 2110 quaestioni

204 2150 208 2156 ’
273 2125 481 2206 accedamus,
517 2120 639 2188 neceffe
660 2122 724 2206 est,
755 2123 989 2206 irrideamus,
1025 2125 1103 2210 quid
1121 2127 1269 2250 verbnm„

264 2233 425 2324 fugere
451 2227 493 2292 ed
518 2224 621 2290 fidere
650 2169 846 2290 trarislatum
871 2226 927 2292 fibi
949 2226 1033 2294 velit
1098 2191 1196 2312 Qriod
1220 2245 1260 2298 vt

272 2355 446 2411 eruamus,
472 2298 699 2414 inuestigemus
723 2337 854 2414 oportet
875 2351 913 2393 ea
933 2327 1095 2394 astrorum
1117 2334 1260 2422 phaeno-

273 2459 381 2518 mena,
402 2433 436 2500 in
450 2431 566 2520 quibus
579 2431 684 2517 aliqua
701 2427 798 2516 fugae
812 2431 986 2524 similitudo
1000 2431 1090 2512 inest.
1198 2426 1200 2438 ’

369 2533 422 2600 Ac
447 2534 596 2622 primam
623 2533 755 2620 quidem
788 2532 841 2596 hic
865 2534 956 2599 nobis
977 2535 1121 2619 occurrit
1149 2551 1280 2605 motus.

272 2637 371 2728 primi
402 2635 630 2702 [communis
660 2635 907 2726 phaenomenon
936 2637 1033 2719 illud,
1066 2663 1133 2726 quo
1157 2642 1258 2709 fidere

271 2737 433 2831 quaedam
458 2737 644 2830 aliis‘priui
674 2741 722 2809 ed
742 2737 965 2818 meridianum
987 2741 1036 2808 vel
1056 2741 1257 2812 horizontem

273 2847 504 2935 appellantur,
533 2843 673 2933 ideoque
695 2845 912 2932 praecedunt,
943 2844 1050 2910 alteris
1067 2845 1257 2936 subsequen·
1292 2839 1294 2846 ¹

271 2949 365 3014 tibus.
414 2949 481 3031 Qui
495 2960 590 3014 tenor-
605 2948 647 3012 ab
659 2947 695 3014 iis
708 2961 868 3038 perpetuo
888 2947 1035 3030 seruatus
1056 2949 1182 3018 fictioni
1203 2952 1256 3018 su·

270 3073 331 3136 gae
348 3053 459 3116 locum
480 3049 634 3134 praebere
657 3051 778 3133 potest,
815 3061 851 3116 vt
879 3049 995 3132 scilicet
1016 3051 1100 3114 fidus
1123 3077 1256 3139 praece·

271 3155 347 3218 dens
363 3151 516 3238 proxime
531 3148 696 3234 insequere
720 3160 753 3212 et
770 3149 866 3212 fimul
887 3170 967 3212 curn
986 3149 1056 3235 ipso
1075 3153 1173 3240 lupar
1191 3157 1256 3222 hoa

270 3257 392 3324 rizonte
409 3251 543 3322 axillam
560 3247 673 3337 fugere
693 3249 744 3317 ab
756 3272 857 3338 eoque
878 3246 986 3338 sagari
998 3251 1135 3321 dicatur.
1177 3259 1254 3326 Hoc

269 3359 434 3445 respectu
428 3351 597 3421 :Aratus
618 3353 786 3470 Leporem
804 3352 926 3418 acane
946 3353 1074 3440 fuga-1,
1084 3357 1253 3460 illumque
1336 3441 1347 3450 ῃ

268 3463 359 3526 hunc
372 3459 486 3546 fugere
502 3457 666 3578 perhibet,
693 3457 789 3525 deire
803 3457 845 3526 fio
859 3469 1008 3524 cantans:
1073 3547 1076 3554 Ι

291 3603 437 3696 ficecla
449 3597 683 3748 (illelom
665 3632 713 3686 υπ
742 3601 963 3708 οἱμφοτέςοισι
990 3606 1134 3704 napata

298 3725 472 3826 ,Ἐμμενές
493 3717 617 3820 inam
636 3719 761 3802 adam
782 3713 947 3803 incinerat
982 3723 1100 3834 αυτοὶς
1121 3763 1164 3830 ογ
1184 3731 1248 3856 ciel

284 3854 471 3952 Σείριοςε
458 3836 615 3945 ἒξὸπιθεν
634 3847 779 3948 φέρεται
799 3838 948 3942 ,ararim
977 3845 1099 3941 iocaris,

313 3971 380 4049 Καὶ
401 3997 427 4044 οι
419 3967 674 4056 ‘inominata
702 3968 764 4046 καί
780 3993 835 4061 μιν
857 3959 1022 4048 carrina
1041 3961 1159 4050 iniret

641 4123 644 4132 ·
760 4093 944 4178 ,Piraian
970 4097 1196 4166 338-341.
