2766 5386
523 306 565 320 -
649 277 715 361 i'17
795 280 858 321 -'

179 469 244 530 qur
265 447 453 512 diiudicetur
473 446 673 530 poffibtltrar,
691 490 693 496 ·
708 445 950 530 impossibilitate
973 463 1055 508 certa
1074 447 1175 511 sermo

180 567 274 634 atque
303 555 472 634 explorate.
539 554 642 636 Negat
669 572 767 633 porro
794 552 953 613 Nieke'lius
960 585 989 626 ,1
1013 550 1175 636 hypothesi

112 709 117 722 ,
179 653 354 736 quidquam
381 656 466 718 aliud
492 653 641 737 postulari
664 652 768 736 polle,
803 676 898 738 quam
919 670 953 714 vt
969 655 1025 744 yel
1053 654 1175 716 duobus
1258 695 1260 700 -

180 757 328 841 trianguli
347 758 494 826 lateribus
517 757 706 839 quibuslibet
728 757 869 818 bifariam
897 755 1000 818 diuifis
1027 761 1061 818 in
1089 755 1176 819 titia

179 865 318 923 ctionum
340 865 467 940 punctis
486 865 644 944 erigantur
672 861 947 942 perpendiculares
975 861 1016 922 ad
1044 881 1175 923 concur»

116 952 119 963 ¹
176 961 241 1022 sum
269 981 368 1042 vique
395 963 641 1043 producendae,
671 962 824 1046 huiusque
850 962 1032 1026 distantiae
1054 969 1176 1026 vertici·

177 1061 235 1130 bur
258 1065 444 1152 angulorum
465 1068 611 1150 trianguli
631 1086 703 1126 cum
736 1064 962 1128 semidiametro
984 1067 1090 1128 circuli
1110 1067 1175 1128 dati
1218 1065 1223 1109 ‘=

178 1167 372 1242 conferatur,
392 1167 433 1230 ad
454 1167 723 1254 cognoscendum,
745 1185 846 1230 virum
869 1170 1014 1254 aequales
1034 1167 1093 1230 sint
1113 1189 1174 1230 nec

177 1289 219 1330 ne
227 1313 237 1342 ,
260 1272 491 1354 quippe·quod
513 1272 683 1354 aequalitas
704 1273 746 1334 ad
764 1273 990 1334 includendam
1016 1272 1090 1334 dato
1115 1275 1174 1332 cir·

178 1372 250 1434 culo
269 1374 462 1458 triengtdum
483 1373 679 1458 propositum
699 1366 867 1436 necessaria
894 1373 946 1447 srt;
982 1377 1032 1436 vel
1063 1373 1175 1438 conlliae

177 1480 249 1536 tutis
278 1474 371 1558 super
392 1473 512 1540 duobus
540 1479 685 1563 trianguli
714 1477 861 1538 lateribus
890 1475 1050 1558 quibusuis
1079 1481 1174 1538 uian-

175 1579 255 1663 gulis
281 1577 468 1654 isoscelibus,
498 1603 634 1663 quorum
656 1602 746 1642 crura
767 1577 826 1644 finr
852 1581 944 1641 radio
971 1577 1078 1639 circuli
1107 1580 1172 1640 dati

178 1682 336 1762 aequalia,
375 1683 535 1757 videatur,
569 1705 645 1746 num
681 1687 809 1746 vertices
846 1705 954 1744 eorum
988 1686 1023 1748 in
1056 1681 1170 1743 eodem

77 1822 85 1834 -
174 1801 295 1864 puncto
319 1787 513 1859 coincidunt,
536 1804 643 1868 vtpote
663 1787 751 1870 quod
771 1787 812 1848 ed
830 1785 1055 1868 perficiendum
1071 1775 1171 1846 interi,

175 1903 241 1976 tum
261 1893 459 1971 requiretur3
477 1889 531 1950 rvel
552 1896 647 1952 etiarn
671 1888 825 1974 defignata
845 1893 1017 1972 quantitate
1037 1888 1170 1948 laterum
1220 1892 1222 1900 ’

175 1991 321 2075 trianguli
342 2011 401 2072 per
421 2013 464 2061 a,
486 1992 524 2062 b,
544 2017 581 2064 c,
603 1994 822 2056 semidiametri
849 1993 957 2052 circuli
974 2011 1052 2053 uero
1070 2011 1168 2072 perr,

174 2097 364 2173 inquiratur,
414 2102 559 2178 aequatio
596 2098 781 2160 relationem
819 2111 1010 2179 quantorum
1043 2093 1169 2156 illorum

175 2195 322 2258 exbibens

148 2389 155 2402 ι
215 2374 290 2410 Γ-
525 2307 531 2322 ⁹
689 2300 771 2360 abc
946 2372 1166 2394 ..„.-.n....

246 2399 1168 2494 fsto-fsto)(a†b-n)(o†c-b)(b†c--a)

173 2507 317 2580 valeatne
339 2527 398 2568 nec
417 2527 468 2568 ne.
518 2507 563 2566 Ex
592 2528 654 2587 qua
678 2508 808 2588 quidem
838 2508 1028 2587 aequatione
1045 2499 1168 2563 nusum

174 2606 256 2670 effici
277 2599 339 2677 eit,¹
355 2613 405 2672 rix
426 2630 462 2670 ac
478 2629 519 2668 ne
540 2601 592 2668 'viu
614 2609 742 2690 quidem
761 2609 903 2669 futurum
928 2603 1005 2677 elle,
1035 2600 1069 2665 rt
1090 2604 1168 2664 late·

172 2711 258 2772 ribus
280 2713 427 2794 trianguli
456 2726 489 2770 et
517 2693 745 2772 semidiametro
773 2712 882 2770 circuli
910 2711 951 2770 ad
976 2709 1097 2769 libitum
1122 2707 1166 2768 as·

172 2815 274 2874 sumtis
294 2811 424 2874 inclusio
447 2810 616 2874 desiderata
636 2812 702 2873 lieri
726 2807 827 2894 poffit.
877 2813 1039 2873 Praeterea
1060 2831 1165 2894 neque

154 2902 263 2980 'vllam
292 2913 510 3000 hypothesium
548 2915 645 2975 modo
675 2930 930 2976 enumeretarum
965 2935 1002 2974 ex
1029 2913 1165 2972 Platonis

172 3019 273 3080 verbis
293 3019 363 3080 elici
383 3017 480 3099 polle,
500 3040 560 3079 nec
581 3023 714 3100 requiri,
738 3041 835 3100 quum
856 3039 906 3080 rer
927 3016 1026 3078 multo
1040 3015 1165 3076 breuior

173 3120 354 3204 conprendit
376 3123 524 3204 deinceps
546 3122 695 3184 lateribus
714 3121 861 3208 trianguli
890 3125 925 3182 in
948 3118 1064 3180 circulo
1089 3137 1162 3177 con·
1189 3165 1191 3174 ,

171 3227 299 3290 liciatur.
317 3243 333 3258 ·
359 3235 364 3254 '

255 3331 388 3391 Reiectis
415 3327 490 3389 dein
521 3328 735 3398 eruditorum,
768 3330 878 3408 quiin
908 3319 1080 3386 nouiffima‘
1098 3319 1165 3381 edi·

171 3435 257 3495 tione
276 3429 467 3512 Berolineufi
484 3431 669 3504 laudantur,
691 3409 969 3512 explicationibus}
993 3442 1165 3508 antequam

171 3535 212 3594 ad
231 3535 460 3615 exponendam
496 3533 579 3596 suam
606 3507 700 3617 ¹ipsius
733 3531 914 3593 sententiam
943 3527 1164 3614 progrediatur

168 3637 347 3710 Niekelius,
368 3636 494 3712 monet,
518 3635 634 3698 etiarnsi
654 3629 837 3718 impoffibile
864 3630 947 3716 quast
968 3629 1022 3700 fit,
1051 3647 1085 3691 vt
1105 3636 1164 3690 cir-

170 3739 242 3799 culo
264 3739 391 3802 cuilibet
410 3739 570 3824 proposito
599 3738 733 3822 quoduis
768 3735 949 3798 inscribatur
977 3735 1163 3819 triangulum

170 3843 295 3916 datum,
339 3859 477 3930 ettamen
498 3847 549 3904 'ex
581 3846 769 3926 aequatione
802 3839 892 3925 supra
929 3838 1021 3906 allata
1047 3834 1165 3917 colligi,

173 3946 333 4008 tendendo
361 3947 410 4010 vel
433 3947 632 4010 extendendo
659 3943 849 4029 triangulum
870 3938 964 4031 illqd,
994 3943 1162 4022 perimetro
