2796 5412
588 333 663 361 ..,
714 303 774 369 ,3,
815 307 887 356 ’.-

249 472 364 556 eitun
376 486 524 556 versante
543 483 579 550 in
595 475 636 550 3⁰
654 471 710 548 14'
721 483 779 569 m,
808 485 927 573 quibua
949 486 1027 554 locis
1043 485 1241 577 respondent

250 591 334 662 VIII
352 593 398 658 ld.
413 585 549 654 Octobr.
569 597 602 652 et
615 587 651 654 V
662 585 731 652 Cal.
745 589 927 656 Nouembr.
979 591 1057 656 Dies
1072 593 1239 680 postremo

247 697 431 764 nominatur
447 690 536 756 idem
559 689 627 780 ipsc
646 689 702 769 est,
726 691 783 778 qui
803 715 822 756 a
843 694 1032 761 Varrone
1060 707 1092 762 et
1115 695 1238 765 Colu-

204 825 209 839 ι
247 797 371 880 mella
404 792 723 862 occasui.·matutin0
755 795 926 864 Pleiadum
948 798 1174 890 adtribuitur,
1204 815 1236 890 et

242 920 340 990 quem
353 897 530 984 Virgilium
552 898 651 966 ctiam
672 896 841 986 respexisse
859 899 1029 988 probabile
1050 901 1103 968 est.
1160 969 1164 974 .
1214 937 1239 974 ι.

341 1001 465 1086 Quodsi
478 1002 547 1066 iarn
560 1025 740 1091 ponamus,
767 1023 844 1068 eum
865 1004 989 1094 pariter
1003 1005 1044 1070 de
1061 1027 1139 1072 vero
1158 1017 1235 1074 ortu

240 1095 337 1177 Piscis
352 1106 432 1172 notii
447 1105 615 1192 cogitasse,
646 1123 751 1192 quum
764 1119 888 1172 veteres
911 1097 1142 1200 ἐπισημασίαι
1164 1109 1235 1176 sune

240 1230 307 1275 non
321 1209 429 1273 minus
444 1207 559 1273 crebro
577 1209 618 1274 ad
633 1229 725 1274 veros
740 1220 832 1275 ortus
851 1222 884 1276 et
900 1212 1046 1297 occultis,
1075 1233 1176 1302 quarn
1193 1213 1236 1279 a‘d

240 1310 376 1378 visibiles
397 1309 596 1390 direxerint,
628 1309 718 1378 idem
738 1310 807 1378 fere
834 1313 992 1404 temporis
1019 1315 1236 1382 interuallum

238 1413 323 1478 inter
337 1436 444 1504 appar
445 1414 545 1480 cntras
553 1414 692 1481 Pleradls
703 1427 738 1480 et
749 1414 845 1482 Piscis
859 1415 937 1484 notii
954 1437 992 1482 ae
1005 1415 1089 1482 inter
1104 1407 1235 1506 Quietis

239 1510 345 1584 Tauri
369 1531 403 1584 et
423 1515 549 1583 Canis
539 1520 768 1607 interponitur.
819 1517 949 1590 Verum
970 1525 1030 1584 nec
1051 1519 1236 1588 differentiis¹

238 1621 351 1688 euadit
370 1622 481 1708 magni
505 1623 678 1704 momenti,
709 1621 850 1708 fipoe'ta
875 1602 993 1690 'ort'uin
1012 1622 1234 1712 vespertinum

241 1725 458 1840 {apparentem
480 1724 516 1788 in
541 1735 650 1790 mente
679 1721 821 1786 habuisse
850 1725 990 1794 dicatur.
1055 1728 1146 1794 Nam
1170 1727 1235 1794 sta:

237 1813 363 1895 tuerido
383 1849 499 1925 arcum
512 1824 637 1891 visionis
651 1847 714 1913 pro
729 1819 823 1889 flebis
839 1827 975 1913 primae
988 1831 1234 1918 magnitudinis,

238 1953 345 2020 quum
364 1932 422 1996 soli
446 1915 489 1996 ex
510 1927 652 2014 aduerso
667 1926 788 2016 positae
803 1927 972 2014 sunt,-
919 1953 972 1970 ·-
988 1923 1040 2009 8⁰,
1066 1935 1233 2020 reperitur

237 2031 300 2122 'pro
327 2029 436 2096 lucida
456 2026 554 2093 Piscis
572 2029 657 2094 notii
680 2021 841 2118 a==19⁰
862 2051 937 2122 293
977 2032 1117 2120 proinde
1140 2048 1234 2104 onus

236 2133 317 2212 eiua
324 2129 523 2222 vespertinus
543 2130 668 2196 visrbilis
694 2131 864 2199 eueniebat
886 2135 988 2202 sole
977 2159 1010 2201 ιιι
1036 2127 1100 2202 23·
1119 2123 1176 2204 25‘
1190 2153 1232 2224 up

77 2229 80 2240 ’
162 2275 167 2285 ,
235 2234 426 2306 liserente
417 2257 437 2300 ι.
459 2255 486 2298 e.
510 2231 607 2298 XllI'
616 2231 686 2297 Cal.
710 2233 846 2307 Octobr.
870 2237 894 2301 s.
915 2238 967 2303 dic
988 2237 1092 2305 XXII
1114 2239 1232 2304 menfis

233 2339 367 2408 Th'otb:
400 2359 484 2428 quae
505 2335 731 2403 determinatio
754 2339 904 2424 paullum
925 2339 1046 2405 recedit
1065 2364 1085 2406 a
1105 2343 1231 2408 ratione

233 2442 427 2526 Ptolemaei,
449 2441 554 2507 eidem
566 2439 664 2506 ortui
670 2438 704 2504 in
718 2441 874 2530 parallelo
887 2442 1047 2509 horarum
1059 2443 1129 2514 XV
1141 2447 1232 2514 ditm

235 2539 331 2620 XIX.
351 2544 465 2609 mensis
481 2543 573 2608 Thot
573 2543 595 2606 b
560 2539 807 2628 tallignantis.

254 2622 562 2734 Vtraeurnqire
574 2647 711 2712 tandem
722 2645 877 2744 sententia
891 2649 930 2715 de
947 2663 1023 2716 ortu
1037 2649 1130 2716 Piscis
1145 2651 1230 2717 notii

231 2753 392 2851 palmam
402 2751 534 2835 tulerit,
563 2749 646 2816 illud
660 2733 772 2816 tamen
791 2773 845 2816 cer
847 2763 919 2818 tum
937 2751 998 2839 est,
1026 2752 1152 2820 Piscem
1168 2777 1230 2822 no·

134 2845 136 2850 ¹
191 2901 193 2911 ι
232 2858 316 2927 tium
327 2854 478 2942 Romae,
497 2853 550 2921 dic
567 2877 633 2942 quo
650 2854 975 2922 occasusmetutrnus
987 2855 1157 2924 Pleiadum
1170 2857 1230 2924 fic·

233 2961 308 3041 bat,
321 2957 325 2964 ’
340 2959 465 3049 vesperi
490 2959 589 3046 supra
612 2958 818 3023 horizontem
842 2959 989 3026 ortiuum
1009 2961 1101 3028 haud
1121 2963 1228 3027 multo
1260 3024 1263 3033 ,
1379 2965 1383 2976 ’

235 3061 397 3132 elebatum
410 3059 471 3124 sese
487 3059 669 3132 ostendillb,
699 3061 734 3125 id
749 3063 836 3147 quod
853 3063 1100 3148 addicendum,
1125 3065 1229 3131 Pleis-

236 3167 312 3234 dem
327 3165 367 3230 ub
383 3161 452 3254 ipso
466 3159 584 3248 sugeri,
607 3159 733 3224 sufficit.

642 3335 671 3434 ι.
720 3343 811 3414 mr

234 3524 255 3552 ,ι
333 3487 528 3574 Priusquam
546 3483 626 3550 huic
640 3479 908 3581 commentationi
928 3479 1001 3546 finis
1021 3481 1224 3569 imponatur,

230 3617 273 3662 ue
286 3593 366 3684 quid
377 3592 412 3658 in
426 3611 464 3657 ea
482 3587 696 3668 desideretur,
725 3586 816 3653 haud
831 3583 871 3649 ab
886 3607 922 3649 re
936 3583 1052 3668 suerit,
1077 3585 1224 3671 virorum

231 3693 425 3779 doctorum,
456 3690 513 3779 qui
524 3691 565 3756 in
579 3690 790 3778 explicando,
816 3689 900 3754 circa
915 3712 1011 3776 quem
1028 3687 1136 3755 nolira
1152 3712 1225 3754 vcr-

232 3803 323 3870 setur
339 3799 457 3888 opella,
475 3797 560 3878 loco,
582 3791 746 3860 diuersam
765 3791 806 3856 ab
819 3792 873 3857 hic
886 3793 1048 3880 proposita
1061 3791 1225 3857 rationem

231 3905 333 3974 secuti
353 3905 444 3978 sunt,
476 3897 646 3964 sententias
668 3917 841 3984 exponere.
898 3895 1085 3962 'sentarunt
1114 3907 1222 3960 autem
1270 3947 1275 3954 .

231 4011 346 4090 turios.
353 3999 561 4086 difficultatis,
584 4023 682 4088 quam
696 3999 752 4065 fibi
769 3991 911 4088 reperire
925 4000 978 4068 visi
996 3999 1082 4079 sunt,
1108 3996 1223 4062 tollen·

231 4113 430 4196 deamodos,
451 4125 533 4195 quos
544 4103 659 4170 ordine
671 4101 916 4170 recensebimus.
966 4099 1222 4187 Quidamigitur
