2766 5386
548 285 750 368 *¹120
824 287 877 314 *ὅ*

180 453 184 464 ’
212 437 336 513 datum,
365 449 445 503 eirea
467 443 554 525 quod
575 441 710 516 versatur
732 439 870 524 quaestio
878 481 889 510 ,
906 440 971 502 'red
991 441 1086 522 platie
1108 442 1201 520 aliud,

212 555 244 600 et
274 539 427 629 triangulo
462 542 621 626 proposito
647 541 774 606 ¹rtounisr
804 543 1060 624 isuperimetrum.
1116 548 1202 608 Talia

157 656 161 662 '
209 666 285 708 uero
306 645 472 728 suppositio
493 647 546 708 vel
564 652 751 728 permutatio
772 653 806 707 in
825 647 903 708 ludo
925 649 1052 729 quidem
1067 671 1104 710 ac
1117 654 1202 719 ioco,
1241 713 1243 722 A

211 764 243 809 at
261 753 333 810 non'
351 756 385 810 in
405 751 618 832 disputatione
638 748 714 810 seria
733 750 864 812 serenda
886 747 936 812 est.
987 750 1122 812 Fortasse
1151 751 1202 812 hic
1298 795 1307 808 .

208 854 376 922 Niekelius‚
397 853 438 914 ad
459 859 744 945 ett'prouocauerit,
770 875 849 936 quae
867 858 1022 934 principio
1043 875 1202 918 commen·

209 962 334 1018 tationis
366 956 438 1018 suae
472 957 511 1024 de
546 957 767 1038 probabilitate
803 945 990 1042 triangulum
1027 959 1131 1018 datum
1166 963 1201 1020 in

210 1057 283 1120 dato
313 1054 429 1120 circulo
450 1061 579 1141 aptandi
610 1057 799 1142 disputant,
830 1065 971 1144 exiguam
999 1059 1203 1141 probabilitas

210 1181 274 1226 tem
300 1161 471 1247 quaestioni
498 1161 702 1225 satisfaciendi
729 1162 801 1225 suae
822 1169 887 1224 eius
915 1163 1085 1224 inuetfioni
1112 1185 1201 1244 prae·

209 1282 331 1340 texens,
353 1264 407 1328 sed
428 1263 545 1328 frustra.
588 1269 676 1350 Nam¹
691 1265 807 1328 etiamsi
829 1265 866 1328 fit
878 1282 959 1328 vero
979 1271 1081 1328 uiinus
1094 1265 1200 1340 limile,

208 1373 401 1448 optationem
422 1369 624 1432 desideratam
638 1376 681 1430 'in
702 1367 773 1431 casu
794 1371 898 1454 aliquo
930 1368 1091 1450 proposito
1119 1367 1200 1432 effici

207 1470 313 1554 polle,
331 1493 425 1556 quam
444 1489 511 1536 non
530 1471 633 1554 posse,
655 1489 792 1534 attamen
812 1489 991 1557 geometrae
1005 1489 1088 1532 certa
1104 1485 1199 1554 atque

209 1577 384 1658 explorata,
404 1613 406 1622 ·
423 1597 491 1641 nen
511 1577 602 1637 vero¹
617 1574 791 1657 probabilia
813 1591 948 1648 tantum,
979 1574 1116 1636 sectantis
1139 1575 1198 1650 eli,

157 1719 160 1728 ·
208 1679 432 1758 determinare,
462 1701 523 1762 qua
545 1679 599 1740 sub
619 1681 799 1740 conditione
814 1686 931 1760 aptatio
953 1679 1057 1740 locum
1075 1679 1199 1753 habeat,

207 1804 271 1864 qur
286 1803 361 1844 non.
396 1783 509 1866 Neque
523 1803 686 1864 opponere
706 1783 788 1855 licet,
808 1781 904 1842 verbo
927 1781 1200 1852 sarabaradsuui
1228 1814 1233 1842 ι

121 1899 125 1909 “
207 1903 239 1946 et
269 1885 468 1966 comprobari
498 1885 819 1970 aliquatenus'istam,
857 1882 948 1967 quam
976 1887 1136 1946 Nieltelius
1165 1891 1199 1946 in

205 1989 366 2050 reddenda
388 1987 566 2070 quaestione
589 2005 682 2070 atque
702 1989 887 2069 exponenda
902 1985 1063 2072 hypothesi
1077 1987 1197 2064 secutur

205 2090 267 2158 eil,
294 2095 463 2170 rationem,
494 2113 592 2172 quum
615 2093 697 2152 aliud
726 2090 763 2162 fir
787 2092 925 2155 ἐντείνειν
947 2090 1058 2174 χωρίον
1078 2099 1119 2162 alr
1149 2088 1198 2155 ati-

205 2179 403 2270 uiovpaliud
425 2193 566 2280 ἐντείνειν
589 2193 647 2266 vel,
671 2191 747 2252 ficut
771 2195 913 2273 Euclides
934 2193 1090 2272 loquitur,
1112 2199 1198 2276 ἐναρ-

203 2292 306 2384 μόζειν
325 2295 505 2380 πιριμέτρον
527 2292 640 2378 χωρίου
660 2301 704 2365 εἰς
723 2290 851 2371 κύκλον,
890 2315 1023 2376 quomm
1049 2311 1196 2355 neutrum

205 2423 264 2484 pro
291 2389 388 2460 ¹altero
412 2403 526 2478 accipi,
556 2417 660 2478 neque
687 2401 724 2456 in
746 2401 887 2482 oratione
910 2414 1067 2475 accurata,
1098 2399 1196 2481 qualis

206 2482 334 2586 quiriani
347 2489 378 2560 xa
408 2491 538 2561 Platone
573 2487 778 2580 exspectatur,
814 2499 902 2560 alteri
930 2498 1063 2560 substitui
1077 2493 1196 2586 potest.

203 2611 367 2668 Praeterea
389 2603 473 2664 baud
493 2607 647 2665 immerito
670 2603 860 2694 dubitauerit
878 2609 962 2686 quis,
983 2627 1056 2680 num
1073 2605 1196 2668 Platoni

205 2693 425 2792 illa'trianguli
457 2707 639 2790 aequilateri
663 2713 854 2788 proprietas,
890 2729 951 2790 qua
983 2703 1064 2768 inter
1091 2707 1195 2767 omnia

206 2812 361 2899 triangula
381 2811 483 2874 eidem
504 2804 619 2872 circ'ulo
642 2807 785 2889 inscripta
803 2815 933 2870 maxima
954 2812 1129 2890 praeditum
1152 2809 1218 2886 'est‘

206 2901 444 2998 perimetro*)‚
476 2919 625 2996 cuiusque
648 2917 783 2994 cognitio
807 2915 847 2973 ad
876 2914 1197 2999 condendamhypof

206 3017 304 3079 thesrn
326 3017 449 3078 Platoni
479 3039 498 3077 a
517 3015 662 3078 Nielte'lio
684 3009 878 3090 attributam,
908 3011 1092 3098 requiritur,
1120 3033 1197 3076 nota

205 3114 328 3196 suerit,'
348 3117 446 3202 quum
473 3135 591 3178 veteres
613 3115 838 3199 disquisitiones
866 3117 932 3180 suas
961 3125 1039 3180 circa
1064 3123 1196 3178 maxima

205 3230 372 3286 minimaue
395 3227 428 3282 in
449 3219 553 3310 figuris
581 3237 644 3280 taur
665 3221 764 3302 planis
787 3243 881 3306 quam
908 3221 1010 3283 solidis
1040 3220 1196 3298 existentia

311 3403 314 3412 .
347 3409 351 3416 .

272 3534 298 3602 ⁴⁸)
324 3517 526 3585 Demonstratio
550 3525 724 3599 proprietatio
751 3526 877 3600 trianguli
897 3527 1052 3602 aequilateri
1079 3527 1126 3582 bic
1142 3545 1197 3580 me·

142 3653 143 3658 =
205 3627 325 3672 moratae
344 3615 446 3690 pendet
466 3635 498 3668 ex
519 3630 567 3672 eu,
593 3609 669 3683 quod
687 3627 833 3674 rectarum,
862 3616 976 3686 quaein
993 3614 1121 3686 portione
1146 3614 1198 3666 cir·

207 3703 262 3777 quii
278 3702 464 3765 inflectuntur,
485 3715 512 3752 vt
525 3699 678 3754 Serenae
697 3697 758 3754 libr.
773 3702 807 3754 ΙΙ.
827 3699 1003 3754 desectione
1021 3701 1101 3760 Coni,
1117 3717 1195 3772 prop.

205 3801 248 3857 44.
269 3787 402 3848 ostendit,
421 3786 535 3840 maxima
555 3780 606 3843 est,
633 3803 702 3860 quae
719 3785 760 3838 'ad
778 3802 909 3860 puratum
928 3785 1049 3842 medium
1066 3805 1142 3840 arcus
1156 3786 1197 3838 iu·

206 3877 336 3936 flectitur,
368 3871 444 3948 quod
468 3869 550 3952 idem*
567 3868 647 3928 facile
679 3891 719 3924 ex·
738 3869 907 3926 demonstrat.
934 3892 1012 3950 prop.
1031 3883 1074 3946 94.
1099 3875 1194 3927 Datur.

135 3963 137 3972 ’
207 3961 350 4034 colligitur.
620 4007 632 4032 ἡ
